@inbook{pcl2002,
  title={物理化学实验},
  author={北京大学化学学院物理化学实验教学组},
  publisher={北京大学出版社},
  address = {北京},
  year={2002},
  edition = 4,
  pages = 5,
}

@article{doi:10.1021/ed084p1840,
author = {Autschbach, Jochen},
title = {Why the Particle-in-a-Box Model Works Well for Cyanine Dyes but Not for Conjugated Polyenes},
journal = {Journal of Chemical Education},
volume = {84},
number = {11},
pages = {1840},
year = {2007},
}

@article{DBLP:journals/jcc/LuC12,
  author       = {Tian Lu and
                  Feiwu Chen},
  title        = {Multiwfn: {A} multifunctional wavefunction analyzer},
  journal      = {J. Comput. Chem.},
  volume       = {33},
  number       = {5},
  pages        = {580--592},
  year         = {2012},
}