@inbook{pcl2002,
  title={物理化学实验},
  author={北京大学化学学院物理化学实验教学组},
  publisher={北京大学出版社},
  address = {北京},
  year={2002},
  edition = 4,
  pages = 5,
}

@article{dk,
author={戴可},
title={ 关于硝酸钾的溶解热 },
journal={广东化工},
year={2019},
volume={46},
number={18},
pages={155-156},
month={1},
}