@inbook{pcl2002,
  title={物理化学实验},
  author={北京大学化学学院物理化学实验教学组},
  publisher={北京大学出版社},
  address = {北京},
  year={2002},
  edition = 4,
  pages = 5,
}

@book{Weast1988CRC,
  title={CRC handbook of chemistry and physics},
  author={Weast and RobertC},
  publisher={CRC handbook of chemistry and physics},
  year={1988},
}

@article{dianyong,
  title={关于氢氧化铁溶胶电泳实验的几个问题},
  author={沈鹤柏},
  journal={大学化学},
  year={1992},
  number={2},
  pages= 43,
}

@article{fwq ,
author={范文琴 and 周晓慧},
title={ Fe(OH)3溶胶制备及其纯化新方法 },
journal={大连交通大学学报},
year={2009},
volume={30},
number={1},
pages={38-40},
month={1},
}