@inbook{pcl2002,
  title={物理化学实验},
  author={北京大学化学学院物理化学实验教学组},
  publisher={北京大学出版社},
  address = {北京},
  year={2002},
  edition = 4,
  pages = 5,
}

@book{CRC,
  title={CRC handbook of chemistry and physics},
  author={Weast and RobertC},
  publisher={CRC handbook of chemistry and physics},
  year={1988},
}