@inbook{pcl2002,
  title={物理化学实验},
  author={北京大学化学学院物理化学实验教学组},
  publisher={北京大学出版社},
  address = {北京},
  year={2002},
  edition = 4,
  pages = 5,
}

@article{2003,
author={粟智},
title={ 双液系折光率-组成-温度间的关系模型及应用 },
year={2003},
pages={34-35,41},
address={沈阳},
month={},
organization={},
}

@article{zgy,
author={曾国勇},
title={甲醇-乙醇双液系折光率-组成的模型研究},
journal={广州化工},
year={2011},
volume={39},
number={5},
pages={103-105,119},
month={1},
}

@book{r,
  title={CRC Handbook of Chemistry and Physics},
  author={Haynes, W.M.},
  isbn={9781498754293},
  year={2016},
  publisher={CRC Press}
}
